%YAML 1.1
%TAG !u! tag:unity3d.com,2011:
--- !u!29 &1
OcclusionCullingSettings:
  m_ObjectHideFlags: 0
  serializedVersion: 2
  m_OcclusionBakeSettings:
    smallestOccluder: 5
    smallestHole: 0.25
    backfaceThreshold: 100
  m_SceneGUID: 00000000000000000000000000000000
  m_OcclusionCullingData: {fileID: 0}
--- !u!104 &2
RenderSettings:
  m_ObjectHideFlags: 0
  serializedVersion: 8
  m_Fog: 0
  m_FogColor: {r: 0.5, g: 0.5, b: 0.5, a: 1}
  m_FogMode: 3
  m_FogDensity: 0.01
  m_LinearFogStart: 0
  m_LinearFogEnd: 300
  m_AmbientSkyColor: {r: 0.212, g: 0.227, b: 0.259, a: 1}
  m_AmbientEquatorColor: {r: 0.114, g: 0.125, b: 0.133, a: 1}
  m_AmbientGroundColor: {r: 0.047, g: 0.043, b: 0.035, a: 1}
  m_AmbientIntensity: 1
  m_AmbientMode: 0
  m_SubtractiveShadowColor: {r: 0.42, g: 0.478, b: 0.627, a: 1}
  m_SkyboxMaterial: {fileID: 10304, guid: 0000000000000000f000000000000000, type: 0}
  m_HaloStrength: 0.5
  m_FlareStrength: 1
  m_FlareFadeSpeed: 3
  m_HaloTexture: {fileID: 0}
  m_SpotCookie: {fileID: 10001, guid: 0000000000000000e000000000000000, type: 0}
  m_DefaultReflectionMode: 0
  m_DefaultReflectionResolution: 128
  m_ReflectionBounces: 1
  m_ReflectionIntensity: 1
  m_CustomReflection: {fileID: 0}
  m_Sun: {fileID: 0}
  m_IndirectSpecularColor: {r: 0.44657844, g: 0.49641222, b: 0.57481694, a: 1}
--- !u!157 &3
LightmapSettings:
  m_ObjectHideFlags: 0
  serializedVersion: 11
  m_GIWorkflowMode: 0
  m_GISettings:
    serializedVersion: 2
    m_BounceScale: 1
    m_IndirectOutputScale: 1
    m_AlbedoBoost: 1
    m_TemporalCoherenceThreshold: 1
    m_EnvironmentLightingMode: 0
    m_EnableBakedLightmaps: 1
    m_EnableRealtimeLightmaps: 1
  m_LightmapEditorSettings:
    serializedVersion: 9
    m_Resolution: 2
    m_BakeResolution: 40
    m_TextureWidth: 1024
    m_TextureHeight: 1024
    m_AO: 0
    m_AOMaxDistance: 1
    m_CompAOExponent: 1
    m_CompAOExponentDirect: 0
    m_Padding: 2
    m_LightmapParameters: {fileID: 0}
    m_LightmapsBakeMode: 1
    m_TextureCompression: 1
    m_FinalGather: 0
    m_FinalGatherFiltering: 1
    m_FinalGatherRayCount: 256
    m_ReflectionCompression: 2
    m_MixedBakeMode: 2
    m_BakeBackend: 0
    m_PVRSampling: 1
    m_PVRDirectSampleCount: 32
    m_PVRSampleCount: 500
    m_PVRBounces: 2
    m_PVRFiltering: 0
    m_PVRFilteringMode: 1
    m_PVRCulling: 1
    m_PVRFilteringGaussRadiusDirect: 1
    m_PVRFilteringGaussRadiusIndirect: 5
    m_PVRFilteringGaussRadiusAO: 2
    m_PVRFilteringAtrousColorSigma: 1
    m_PVRFilteringAtrousNormalSigma: 1
    m_PVRFilteringAtrousPositionSigma: 1
  m_LightingDataAsset: {fileID: 0}
  m_UseShadowmask: 1
--- !u!196 &4
NavMeshSettings:
  serializedVersion: 2
  m_ObjectHideFlags: 0
  m_BuildSettings:
    serializedVersion: 2
    agentTypeID: 0
    agentRadius: 0.5
    agentHeight: 2
    agentSlope: 45
    agentClimb: 0.4
    ledgeDropHeight: 0
    maxJumpAcrossDistance: 0
    minRegionArea: 2
    manualCellSize: 0
    cellSize: 0.16666667
    manualTileSize: 0
    tileSize: 256
    accuratePlacement: 0
  m_NavMeshData: {fileID: 0}
--- !u!1 &326314950
GameObject:
  m_ObjectHideFlags: 0
  m_PrefabParentObject: {fileID: 0}
  m_PrefabInternal: {fileID: 0}
  serializedVersion: 5
  m_Component:
  - component: {fileID: 326314952}
  - component: {fileID: 326314951}
  - component: {fileID: 326314953}
  m_Layer: 0
  m_Name: TestGridLevel
  m_TagString: Untagged
  m_Icon: {fileID: 0}
  m_NavMeshLayer: 0
  m_StaticEditorFlags: 0
  m_IsActive: 1
--- !u!114 &326314951
MonoBehaviour:
  m_ObjectHideFlags: 0
  m_PrefabParentObject: {fileID: 0}
  m_PrefabInternal: {fileID: 0}
  m_GameObject: {fileID: 326314950}
  m_Enabled: 1
  m_EditorHideFlags: 0
  m_Script: {fileID: 11500000, guid: 1afb8f7dad42c8248b205daa71fcc765, type: 3}
  m_Name: 
  m_EditorClassIdentifier: 
  tileSet: {fileID: 11400000, guid: 7eae8410d2faba047b8eab70aec0ea9e, type: 2}
  tileAnimHeight: 7
  tileAnimDuration: 0.5
--- !u!4 &326314952
Transform:
  m_ObjectHideFlags: 0
  m_PrefabParentObject: {fileID: 0}
  m_PrefabInternal: {fileID: 0}
  m_GameObject: {fileID: 326314950}
  m_LocalRotation: {x: 0, y: 0, z: 0, w: 1}
  m_LocalPosition: {x: 0, y: 0, z: 0}
  m_LocalScale: {x: 1, y: 1, z: 1}
  m_Children: []
  m_Father: {fileID: 0}
  m_RootOrder: 2
  m_LocalEulerAnglesHint: {x: 0, y: 0, z: 0}
--- !u!114 &326314953
MonoBehaviour:
  m_ObjectHideFlags: 0
  m_PrefabParentObject: {fileID: 0}
  m_PrefabInternal: {fileID: 0}
  m_GameObject: {fileID: 326314950}
  m_Enabled: 1
  m_EditorHideFlags: 0
  m_Script: {fileID: 11500000, guid: c59adbc553018bf49b961284bd4b3d87, type: 3}
  m_Name: 
  m_EditorClassIdentifier: 
  jsonBattleData: "{  \r\n                \"arenaData\":{  \r\n                    \"tiles\":[
    \ \r\n                        0,\r\n                        0,\r\n                        0,\r\n
    \                       0,\r\n                        0,\r\n                        0,\r\n
    \                       0,\r\n                        0,\r\n                        0,\r\n
    \                       0,\r\n                        0,\r\n                        0,\r\n
    \                       0,\r\n                        0,\r\n                        0,\r\n
    \                       3,\r\n                        3,\r\n                        0,\r\n
    \                       1,\r\n                        1,\r\n                        0,\r\n
    \                       0,\r\n                        0,\r\n                        0,\r\n
    \                       0,\r\n                        0,\r\n                        0,\r\n
    \                       0,\r\n                        1,\r\n                        1,\r\n
    \                       0,\r\n                        3,\r\n                        3,\r\n
    \                       0,\r\n                        0,\r\n                        0,\r\n
    \                       0,\r\n                        0,\r\n                        0,\r\n
    \                       0,\r\n                        0,\r\n                        0,\r\n
    \                       0,\r\n                        0,\r\n                        0,\r\n
    \                       0,\r\n                        0,\r\n                        0\r\n
    \                   ],\r\n                    \"width\":6,\r\n                    \"spawns\":[
    \ \r\n                        {  \r\n                            \"teamId\":1,\r\n
    \                           \"spawnPoints\":[  \r\n                                {
    \ \r\n                                    \"x\":3,\r\n                                    \"y\":1,\r\n
    \                                   \"facing\":\"south\"\r\n                                },\r\n
    \                               {  \r\n                                    \"x\":4,\r\n
    \                                   \"y\":1,\r\n                                    \"facing\":\"south\"\r\n
    \                               },\r\n                                {  \r\n
    \                                   \"x\":3,\r\n                                    \"y\":0,\r\n
    \                                   \"facing\":\"south\"\r\n                                },\r\n
    \                               {  \r\n                                    \"x\":4,\r\n
    \                                   \"y\":0,\r\n                                    \"facing\":\"south\"\r\n
    \                               },\r\n                                {  \r\n
    \                                   \"x\":5,\r\n                                    \"y\":0,\r\n
    \                                   \"facing\":\"south\"\r\n                                }\r\n
    \                           ]\r\n                        },\r\n                        {
    \ \r\n                            \"teamId\":2,\r\n                            \"spawnPoints\":[
    \ \r\n                                {  \r\n                                    \"x\":2,\r\n
    \                                   \"y\":6,\r\n                                    \"facing\":\"north\"\r\n
    \                               },\r\n                                {  \r\n
    \                                   \"x\":1,\r\n                                    \"y\":6,\r\n
    \                                   \"facing\":\"north\"\r\n                                },\r\n
    \                               {  \r\n                                    \"x\":2,\r\n
    \                                   \"y\":7,\r\n                                    \"facing\":\"north\"\r\n
    \                               },\r\n                                {  \r\n
    \                                   \"x\":1,\r\n                                    \"y\":7,\r\n
    \                                   \"facing\":\"north\"\r\n                                },\r\n
    \                               {  \r\n                                    \"x\":0,\r\n
    \                                   \"y\":7,\r\n                                    \"facing\":\"north\"\r\n
    \                               }\r\n                            ]\r\n                        }\r\n
    \                   ],\r\n                    \"height\":8\r\n                },\r\n
    \               \"scenario\":{  \r\n                    \"scenarioType\":\"solo\",\r\n
    \                   \"clientLevel\":\"TestArena\",\r\n                    \"locId\":\"scenario_solo\"\r\n
    \               },\r\n                \"loadouts\":[  \r\n                    {
    \ \r\n                        \"spawnHeroes\":[  \r\n                            {
    \ \r\n                                \"heroId\":\"86677bed-febe-4c2d-b232-44fdecd2e0eb\",\r\n
    \                               \"spawnSlot\":0\r\n                            },\r\n
    \                           {  \r\n                                \"heroId\":\"70b5f827-6dc4-46d0-aa5c-896593c78eec\",\r\n
    \                               \"spawnSlot\":1\r\n                            }\r\n
    \                       ],\r\n                        \"loadoutId\":\"ef331d0a-e390-4557-ad1c-c6c6d2f61030\",\r\n
    \                       \"teamId\":1,\r\n                        \"control\":\"human\"\r\n
    \                   },\r\n                    {  \r\n                        \"spawnHeroes\":[
    \ \r\n                            {  \r\n                                \"heroId\":\"4723d35f-a5c1-4af8-a616-428e7573e2c9\",\r\n
    \                               \"spawnSlot\":0\r\n                            },\r\n
    \                           {  \r\n                                \"heroId\":\"4723d35f-a5c1-4af8-a616-428e7573e2c9\",\r\n
    \                               \"spawnSlot\":1\r\n                            },\r\n
    \                           {  \r\n                                \"heroId\":\"967d233f-b59a-4473-9fe0-7a2c0a9ad0ac\",\r\n
    \                               \"spawnSlot\":2\r\n                            },\r\n
    \                           {  \r\n                                \"heroId\":\"967d233f-b59a-4473-9fe0-7a2c0a9ad0ac\",\r\n
    \                               \"spawnSlot\":3\r\n                            }\r\n
    \                       ],\r\n                        \"teamId\":2,\r\n                        \"control\":\"bot\"\r\n
    \                   }\r\n                ],\r\n                \"entityData\":{
    \ \r\n                    \"86677bed-febe-4c2d-b232-44fdecd2e0eb\":{  \r\n                        \"stats\":{
    \ \r\n                            \"dodge\":5,\r\n                            \"armor\":1,\r\n
    \                           \"resist\":5,\r\n                            \"health\":12,\r\n
    \                           \"step\":2,\r\n                            \"power\":2,\r\n
    \                           \"jump\":2\r\n                        },\r\n                        \"assetId\":\"lightfootTemplar\",\r\n
    \                       \"heroId\":\"86677bed-febe-4c2d-b232-44fdecd2e0eb\"\r\n
    \                   },\r\n                    \"70b5f827-6dc4-46d0-aa5c-896593c78eec\":{
    \ \r\n                        \"stats\":{  \r\n                            \"dodge\":5,\r\n
    \                           \"armor\":0,\r\n                            \"resist\":5,\r\n
    \                           \"health\":8,\r\n                            \"step\":3,\r\n
    \                           \"power\":2,\r\n                            \"jump\":2\r\n
    \                       },\r\n                        \"assetId\":\"lightfootAcolyte\",\r\n
    \                       \"heroId\":\"70b5f827-6dc4-46d0-aa5c-896593c78eec\"\r\n
    \                   },\r\n                    \"4723d35f-a5c1-4af8-a616-428e7573e2c9\":{
    \ \r\n                        \"stats\":{  \r\n                            \"dodge\":5,\r\n
    \                           \"armor\":0,\r\n                            \"resist\":5,\r\n
    \                           \"health\":12,\r\n                            \"step\":2,\r\n
    \                           \"power\":4,\r\n                            \"jump\":2\r\n
    \                       },\r\n                        \"assetId\":\"nightmareHowler\",\r\n
    \                       \"heroId\":\"4723d35f-a5c1-4af8-a616-428e7573e2c9\"\r\n
    \                   },\r\n                    \"967d233f-b59a-4473-9fe0-7a2c0a9ad0ac\":{
    \ \r\n                        \"stats\":{  \r\n                            \"dodge\":5,\r\n
    \                           \"armor\":0,\r\n                            \"resist\":5,\r\n
    \                           \"health\":10,\r\n                            \"step\":3,\r\n
    \                           \"power\":2,\r\n                            \"jump\":2\r\n
    \                       },\r\n                        \"assetId\":\"nightmareAspirant\",\r\n
    \                       \"heroId\":\"967d233f-b59a-4473-9fe0-7a2c0a9ad0ac\"\r\n
    \                   }\r\n                }\r\n}"
  solverSourceXMin: 0
  solverSourceXMax: 100
  solverSourceYMin: 0
  solverSourceYMax: 100
  solverMinRangeMin: 0
  solverMinRangeMax: 2
  solverAdditionalRangeMin: 0
  solverAdditionalRangeMax: 2
  useLineOfSight: 0
  usePathing: 0
--- !u!1 &985734814
GameObject:
  m_ObjectHideFlags: 0
  m_PrefabParentObject: {fileID: 0}
  m_PrefabInternal: {fileID: 0}
  serializedVersion: 5
  m_Component:
  - component: {fileID: 985734819}
  - component: {fileID: 985734818}
  - component: {fileID: 985734817}
  - component: {fileID: 985734816}
  - component: {fileID: 985734815}
  m_Layer: 0
  m_Name: Main Camera
  m_TagString: MainCamera
  m_Icon: {fileID: 0}
  m_NavMeshLayer: 0
  m_StaticEditorFlags: 0
  m_IsActive: 1
--- !u!81 &985734815
AudioListener:
  m_ObjectHideFlags: 0
  m_PrefabParentObject: {fileID: 0}
  m_PrefabInternal: {fileID: 0}
  m_GameObject: {fileID: 985734814}
  m_Enabled: 0
--- !u!124 &985734816
Behaviour:
  m_ObjectHideFlags: 0
  m_PrefabParentObject: {fileID: 0}
  m_PrefabInternal: {fileID: 0}
  m_GameObject: {fileID: 985734814}
  m_Enabled: 0
--- !u!92 &985734817
Behaviour:
  m_ObjectHideFlags: 0
  m_PrefabParentObject: {fileID: 0}
  m_PrefabInternal: {fileID: 0}
  m_GameObject: {fileID: 985734814}
  m_Enabled: 0
--- !u!20 &985734818
Camera:
  m_ObjectHideFlags: 0
  m_PrefabParentObject: {fileID: 0}
  m_PrefabInternal: {fileID: 0}
  m_GameObject: {fileID: 985734814}
  m_Enabled: 1
  serializedVersion: 2
  m_ClearFlags: 1
  m_BackGroundColor: {r: 0.19215687, g: 0.3019608, b: 0.4745098, a: 0}
  m_NormalizedViewPortRect:
    serializedVersion: 2
    x: 0
    y: 0
    width: 1
    height: 1
  near clip plane: 0.3
  far clip plane: 1000
  field of view: 22.162859
  orthographic: 0
  orthographic size: 5
  m_Depth: -1
  m_CullingMask:
    serializedVersion: 2
    m_Bits: 4294967295
  m_RenderingPath: -1
  m_TargetTexture: {fileID: 0}
  m_TargetDisplay: 0
  m_TargetEye: 3
  m_HDR: 1
  m_AllowMSAA: 1
  m_ForceIntoRT: 0
  m_OcclusionCulling: 1
  m_StereoConvergence: 10
  m_StereoSeparation: 0.022
  m_StereoMirrorMode: 0
--- !u!4 &985734819
Transform:
  m_ObjectHideFlags: 0
  m_PrefabParentObject: {fileID: 0}
  m_PrefabInternal: {fileID: 0}
  m_GameObject: {fileID: 985734814}
  m_LocalRotation: {x: -0.30247498, y: 0.49990803, z: -0.19182345, w: -0.7885459}
  m_LocalPosition: {x: 15.01, y: 11.75, z: -9.62}
  m_LocalScale: {x: 1, y: 1, z: 1}
  m_Children: []
  m_Father: {fileID: 0}
  m_RootOrder: 0
  m_LocalEulerAnglesHint: {x: 41.976, y: -64.743004, z: 0.008}
--- !u!1 &1447562417
GameObject:
  m_ObjectHideFlags: 0
  m_PrefabParentObject: {fileID: 0}
  m_PrefabInternal: {fileID: 0}
  serializedVersion: 5
  m_Component:
  - component: {fileID: 1447562419}
  - component: {fileID: 1447562418}
  m_Layer: 0
  m_Name: Directional Light
  m_TagString: Untagged
  m_Icon: {fileID: 0}
  m_NavMeshLayer: 0
  m_StaticEditorFlags: 0
  m_IsActive: 1
--- !u!108 &1447562418
Light:
  m_ObjectHideFlags: 0
  m_PrefabParentObject: {fileID: 0}
  m_PrefabInternal: {fileID: 0}
  m_GameObject: {fileID: 1447562417}
  m_Enabled: 1
  serializedVersion: 8
  m_Type: 1
  m_Color: {r: 1, g: 0.95686275, b: 0.8392157, a: 1}
  m_Intensity: 1
  m_Range: 10
  m_SpotAngle: 30
  m_CookieSize: 10
  m_Shadows:
    m_Type: 2
    m_Resolution: -1
    m_CustomResolution: -1
    m_Strength: 1
    m_Bias: 0.05
    m_NormalBias: 0.4
    m_NearPlane: 0.2
  m_Cookie: {fileID: 0}
  m_DrawHalo: 0
  m_Flare: {fileID: 0}
  m_RenderMode: 0
  m_CullingMask:
    serializedVersion: 2
    m_Bits: 4294967295
  m_Lightmapping: 4
  m_AreaSize: {x: 1, y: 1}
  m_BounceIntensity: 1
  m_ColorTemperature: 6570
  m_UseColorTemperature: 0
  m_ShadowRadius: 0
  m_ShadowAngle: 0
--- !u!4 &1447562419
Transform:
  m_ObjectHideFlags: 0
  m_PrefabParentObject: {fileID: 0}
  m_PrefabInternal: {fileID: 0}
  m_GameObject: {fileID: 1447562417}
  m_LocalRotation: {x: 0.40821788, y: -0.23456968, z: 0.10938163, w: 0.8754261}
  m_LocalPosition: {x: 0, y: 3, z: 0}
  m_LocalScale: {x: 1, y: 1, z: 1}
  m_Children: []
  m_Father: {fileID: 0}
  m_RootOrder: 1
  m_LocalEulerAnglesHint: {x: 50, y: -30, z: 0}
